%1
@syllabus{ISTQB,
    title = {{Certified Tester Foundation Level Syllabus}},
    author = {International Software Testing Qualifications Board},
    year = {2018}
}

%2
@webArticle{Gaurav Why Test Automation,
    title = {{ Why You Need Automation Testing For Mobile Apps \& The Right Way To Do It}},
    url = {https://www.netsolutions.com/insights/why-you-need-automation-testing-for-mobile-apps-the-right-way-to-do-it/},
    author = {Gaurav Salwan},
    year = {2016},
    journal = {net solutions}
}

%3
@misc{Apple Devices,
    title = {{Supported iPhone models}},
    url = {https://support.apple.com/guide/iphone/supported-models-iphe3fa5df43/ios},
    author = {Apple}
}

%4
@misc{Android Devices,
    title = {{Devices}},
    url = {https://androidenterprisepartners.withgoogle.com/devices},
    author = {Google}
}

%5
@misc{Google Automate UI tests,
    title = {{Automate user interface tests}},
    url = {https://developer.android.com/training/testing/ui-testing},
    author = {Google}
}

%6
@misc{Google App Quality,
    title = {{Core app quality}},
    url = {https://developer.android.com/docs/quality-guidelines/core-app-quality?hl=en},
    author = {Google}
}

%7
@toolHomepage{Ranorex,
    title = {{iOS Automation Testing with Ranorex Studio}},
    url = {https://www.ranorex.com/mobile-automation-testing/ios-iphone-ipad-testing-automation/},
    author = {Ranorex}
}

%8
@toolHomepage{Appium,
    title = {{Introduction to Appium}},
    url = {http://appium.io/docs/en/about-appium/intro/?lang=en},
    author = {Appium}
}
 
%9
@inproceedings{Linares-Vasquez2017ContinuousTesting,
    title = {{Continuous, evolutionary and large-scale: A new perspective for automated mobile app testing}},
    year = {2017},
    booktitle = {Proceedings - 2017 IEEE International Conference on Software Maintenance and Evolution, ICSME 2017},
    author = {Linares-V{\'{a}}squez, Mario and Moran, Kevin and Poshyvanyk, Denys},
    isbn = {9781538609927},
    doi = {10.1109/ICSME.2017.27},
    arxivId = {1801.06267}
}

%10
@toolHomepage{XCUITest,
    title = {{IUser Interface Tests}},
    url = {https://developer.apple.com/library/archive/documentation/DeveloperTools/Conceptual/testing_with_xcode/chapters/09-ui_testing.html},
    author = {Apple}
}

%11
@toolHomepage{Calabash,
    title = {{Calabash iOS}},
    url = {https://github.com/calabash/calabash-ios},
    author = {Calabash}
}

%12
@toolHomepage{EarlGrey,
    title = {{EarlGrey}},
    url = {https://opensource.google/projects/earlgrey},
    author = {Google}
}

%13
@toolHomepage{KIF,
    title = {{KIF iOS Integration Testing Framework}},
    url = {https://github.com/kif-framework/KIF},
    author = {KIF}
}

%14
@toolHomepage{Detox,
    title = {{Detox}},
    url = {https://github.com/wix/Detox},
    author = {Detox}
}

%15
@toolHomepage{TestComplete,
    title = {{Mobile Application Test Automation}},
    url = {https://smartbear.com/product/testcomplete/mobile-testing/},
    author = {SmartBear Software}
}

%16
@toolHomepage{MonkeyTalk,
    title = {{How to do mobile app automation testing using MonkeyTalk tool?}},
    url = {https://www.perfomatix.com/mobile-app-automation-testing/},
    author = {Harish Mohan},
    year = {2016}
}

%17
@toolHomepage{Quantum,
    title = {{Quantum Starter Kit}},
    url = {https://github.com/Project-Quantum/Quantum-Starter-Kit},
    author = {Quantum}
}

%18
@guideline{AppleHumanInterface,
    title = {{Human Interface Guidelines}},
    url = {https://developer.apple.com/design/human-interface-guidelines/ios/bars/navigation-bars/},
    author = {Apple}
}

%19
@gitproject{FirefoxAppiOS,
    title = {{Firefox for iOS}},
    url = {https://github.com/mozilla-mobile/firefox-ios},
    author = {Mozilla}
}





